@INPROCEEDINGS{6871195, 
author={Peng Deng and Qi Zhu and Di Natale, M. and Haibo Zeng}, 
booktitle={Industrial Embedded Systems (SIES), 2014 9th IEEE International Symposium on}, 
title={Task {synthesis} for {latency-sensitive} {synchronous} {block} {diagram}}, 
year={2014}, 
pages={112-121}, 
keywords={software reusability;SBD;Simulink to;block implementations;code generation;execution semantics should;model-based design tools;multitask software;software modularity;software reusability;software task synthesis;synchronous block diagram;task generation;Optimization;Ports (Computers);Semantics;Software packages;Timing}, 
doi={10.1109/SIES.2014.6871195}, 
month={June},}

@inproceedings{Deng:2015:MSF:2735960.2735972,
 author = {Deng, Peng and Cremona, Fabio and Zhu, Qi and Di Natale, Marco and Zeng, Haibo},
 title = {A {Model-based} {Synthesis} {Flow} for {Automotive} {CPS}},
 booktitle = {Proceedings of the ACM/IEEE Sixth International Conference on Cyber-Physical Systems},
 series = {ICCPS '15},
 year = {2015},
 isbn = {978-1-4503-3455-6},
 location = {Seattle, Washington},
 pages = {198--207},
 numpages = {10},
 url = {http://doi.acm.org/10.1145/2735960.2735972},
 doi = {10.1145/2735960.2735972},
 acmid = {2735972},
 publisher = {ACM},
 address = {New York, NY, USA},
} 

@INPROCEEDINGS{4550788, 
author={Lublinerman, R. and Tripakis, S.}, 
booktitle={Real-Time and Embedded Technology and Applications Symposium, 2008. RTAS '08. IEEE}, 
title={{Modular} {Code} {Generation} from {Triggered} and {Timed} {Block} {Diagrams}}, 
year={2008}, 
pages={147-158}, 
keywords={finite automata;program compilers;symbol manipulation;algebraic manipulation;finite automata;modular code generation;timed block diagrams;trigged block diagrams;Application software;Automata;Computer science;Context modeling;Embedded software;Fires;Laboratories;Software design;Synchronous generators;USA Councils;Block diagrams;Code generation;Modularity}, 
doi={10.1109/RTAS.2008.12}, 
ISSN={1545-3421}, 
month={April},}

@inproceedings{Lublinerman:2009:MCG:1480881.1480893,
 author = {Lublinerman, Roberto and Szegedy, Christian and Tripakis, Stavros},
 title = {{Modular} {Code} {Generation} {from} {Synchronous} {Block} {Diagrams}: {Modularity} vs. {Code Size}},
 booktitle = {Proceedings of the 36th Annual ACM SIGPLAN-SIGACT Symposium on Principles of Programming Languages},
 series = {POPL '09},
 year = {2009},
 isbn = {978-1-60558-379-2},
 location = {Savannah, GA, USA},
 pages = {78--89},
 numpages = {12},
 url = {http://doi.acm.org/10.1145/1480881.1480893},
 doi = {10.1145/1480881.1480893},
 acmid = {1480893},
 publisher = {ACM},
 address = {New York, NY, USA},
 keywords = {block diagrams, clustering, code generation, embedded software, np-complete, synchronous languages},
} 

@book{ Ptolemaeus:14:SystemDesign,
      editor = {Claudius Ptolemaeus},
      title  = {System Design, Modeling, and Simulation using Ptolemy II},
      publisher = {Ptolemy.org},
      year = {2014},
      URL = {http://ptolemy.org/books/Systems}
      }

@misc{ AUTOSAR,
			title = "{AUTOSAR}",
			howpublished = "\url{http://www.autosar.org/}"
	}
 